
    <record>
      <recordSchema>marcxml</recordSchema>
      <recordPacking>xml</recordPacking>
      <recordData>
        <record xmlns="http://www.loc.gov/MARC21/slim">
          <leader>01930ngm a22004695a 4500</leader>
          <controlfield tag="001">991010834650508651</controlfield>
          <controlfield tag="008">251007s2025    xx |          000 m|und d</controlfield>
          <datafield ind1=" " ind2=" " tag="099">
            <subfield code="a">007703-1</subfield>
          </datafield>
          <datafield ind1="0" ind2="0" tag="245">
            <subfield code="a">Peter Hujar's Day  [ -- PRODUCTION ELEMENTS]</subfield>
            <subfield code="h">[motion picture].</subfield>
          </datafield>
          <datafield ind1=" " ind2="3" tag="264">
            <subfield code="c">2025.</subfield>
          </datafield>
          <datafield ind1=" " ind2=" " tag="300">
            <subfield code="a">28 reels ;</subfield>
            <subfield code="c">16mm.</subfield>
          </datafield>
          <datafield ind1=" " ind2=" " tag="500">
            <subfield code="a">Color MOS Orig. Pict. Neg.</subfield>
          </datafield>
          <datafield ind1=" " ind2=" " tag="506">
            <subfield code="a">Usage restricted.</subfield>
          </datafield>
          <datafield ind1="1" ind2=" " tag="700">
            <subfield code="a">Sachs, Ira</subfield>
            <subfield code="9">no_linkage</subfield>
          </datafield>
          <datafield ind1="8" ind2="1" tag="852">
            <subfield code="b">lsffsfilm</subfield>
            <subfield code="h">007703-1</subfield>
            <subfield code="p">1</subfield>
            <subfield code="x">39002143395532</subfield>
          </datafield>
          <datafield ind1="8" ind2="1" tag="852">
            <subfield code="b">lsffsfilm</subfield>
            <subfield code="h">007703-1</subfield>
            <subfield code="p">2</subfield>
            <subfield code="x">39002143395540</subfield>
          </datafield>
          <datafield ind1="8" ind2="1" tag="852">
            <subfield code="b">lsffsfilm</subfield>
            <subfield code="h">007703-1</subfield>
            <subfield code="p">3</subfield>
            <subfield code="x">39002143395557</subfield>
          </datafield>
          <datafield ind1="8" ind2="1" tag="852">
            <subfield code="b">lsffsfilm</subfield>
            <subfield code="h">007703-1</subfield>
            <subfield code="p">4</subfield>
            <subfield code="x">39002143395565</subfield>
          </datafield>
          <datafield ind1="8" ind2="1" tag="852">
            <subfield code="b">lsffsfilm</subfield>
            <subfield code="h">007703-1</subfield>
            <subfield code="p">5</subfield>
            <subfield code="x">39002143395573</subfield>
          </datafield>
          <datafield ind1="8" ind2="1" tag="852">
            <subfield code="b">lsffsfilm</subfield>
            <subfield code="h">007703-1</subfield>
            <subfield code="p">6</subfield>
            <subfield code="x">39002143395581</subfield>
          </datafield>
          <datafield ind1="8" ind2="1" tag="852">
            <subfield code="b">lsffsfilm</subfield>
            <subfield code="h">007703-1</subfield>
            <subfield code="p">7</subfield>
            <subfield code="x">39002143395599</subfield>
          </datafield>
          <datafield ind1="8" ind2="1" tag="852">
            <subfield code="b">lsffsfilm</subfield>
            <subfield code="h">007703-1</subfield>
            <subfield code="p">8</subfield>
            <subfield code="x">39002143395607</subfield>
          </datafield>
          <datafield ind1="8" ind2="1" tag="852">
            <subfield code="b">lsffsfilm</subfield>
            <subfield code="h">007703-1</subfield>
            <subfield code="p">9</subfield>
            <subfield code="x">39002143395615</subfield>
          </datafield>
          <datafield ind1="8" ind2="1" tag="852">
            <subfield code="b">lsffsfilm</subfield>
            <subfield code="h">007703-1</subfield>
            <subfield code="p">10</subfield>
            <subfield code="x">39002143395623</subfield>
          </datafield>
          <datafield ind1="8" ind2="1" tag="852">
            <subfield code="b">lsffsfilm</subfield>
            <subfield code="h">007703-1</subfield>
            <subfield code="p">11</subfield>
            <subfield code="x">39002143395631</subfield>
          </datafield>
          <datafield ind1="8" ind2="1" tag="852">
            <subfield code="b">lsffsfilm</subfield>
            <subfield code="h">007703-1</subfield>
            <subfield code="p">12</subfield>
            <subfield code="x">39002143395649</subfield>
          </datafield>
          <datafield ind1="8" ind2="1" tag="852">
            <subfield code="b">lsffsfilm</subfield>
            <subfield code="h">007703-1</subfield>
            <subfield code="p">13</subfield>
            <subfield code="x">39002143395656</subfield>
          </datafield>
          <datafield ind1="8" ind2="1" tag="852">
            <subfield code="b">lsffsfilm</subfield>
            <subfield code="h">007703-1</subfield>
            <subfield code="p">14</subfield>
            <subfield code="x">39002143395664</subfield>
          </datafield>
          <datafield ind1="8" ind2="1" tag="852">
            <subfield code="b">lsffsfilm</subfield>
            <subfield code="h">007703-1</subfield>
            <subfield code="p">15</subfield>
            <subfield code="x">39002143395672</subfield>
          </datafield>
          <datafield ind1="8" ind2="1" tag="852">
            <subfield code="b">lsffsfilm</subfield>
            <subfield code="h">007703-1</subfield>
            <subfield code="p">16</subfield>
            <subfield code="x">39002143395680</subfield>
          </datafield>
          <datafield ind1="8" ind2="1" tag="852">
            <subfield code="b">lsffsfilm</subfield>
            <subfield code="h">007703-1</subfield>
            <subfield code="p">17</subfield>
            <subfield code="x">39002143395698</subfield>
          </datafield>
          <datafield ind1="8" ind2="1" tag="852">
            <subfield code="b">lsffsfilm</subfield>
            <subfield code="h">007703-1</subfield>
            <subfield code="p">18</subfield>
            <subfield code="x">39002143395706</subfield>
          </datafield>
          <datafield ind1="8" ind2="1" tag="852">
            <subfield code="b">lsffsfilm</subfield>
            <subfield code="h">007703-1</subfield>
            <subfield code="p">19</subfield>
            <subfield code="x">39002143395714</subfield>
          </datafield>
          <datafield ind1="8" ind2="1" tag="852">
            <subfield code="b">lsffsfilm</subfield>
            <subfield code="h">007703-1</subfield>
            <subfield code="p">20</subfield>
            <subfield code="x">39002143395722</subfield>
          </datafield>
          <datafield ind1="8" ind2="1" tag="852">
            <subfield code="b">lsffsfilm</subfield>
            <subfield code="h">007703-1</subfield>
            <subfield code="p">21</subfield>
            <subfield code="x">39002143395730</subfield>
          </datafield>
          <datafield ind1="8" ind2="1" tag="852">
            <subfield code="b">lsffsfilm</subfield>
            <subfield code="h">007703-1</subfield>
            <subfield code="p">22</subfield>
            <subfield code="x">39002143395748</subfield>
          </datafield>
          <datafield ind1="8" ind2="1" tag="852">
            <subfield code="b">lsffsfilm</subfield>
            <subfield code="h">007703-1</subfield>
            <subfield code="p">23</subfield>
            <subfield code="x">39002143395755</subfield>
          </datafield>
          <datafield ind1="8" ind2="1" tag="852">
            <subfield code="b">lsffsfilm</subfield>
            <subfield code="h">007703-1</subfield>
            <subfield code="p">24</subfield>
            <subfield code="x">39002143395763</subfield>
          </datafield>
          <datafield ind1="8" ind2="1" tag="852">
            <subfield code="b">lsffsfilm</subfield>
            <subfield code="h">007703-1</subfield>
            <subfield code="p">25</subfield>
            <subfield code="x">39002143395771</subfield>
          </datafield>
          <datafield ind1="8" ind2="1" tag="852">
            <subfield code="b">lsffsfilm</subfield>
            <subfield code="h">007703-1</subfield>
            <subfield code="p">26</subfield>
            <subfield code="x">39002143395789</subfield>
          </datafield>
          <datafield ind1="8" ind2="1" tag="852">
            <subfield code="b">lsffsfilm</subfield>
            <subfield code="h">007703-1</subfield>
            <subfield code="p">27</subfield>
            <subfield code="x">39002143395797</subfield>
          </datafield>
          <datafield ind1="8" ind2="1" tag="852">
            <subfield code="b">lsffsfilm</subfield>
            <subfield code="h">007703-1</subfield>
            <subfield code="p">28</subfield>
            <subfield code="x">39002143395805</subfield>
          </datafield>
          <datafield ind1=" " ind2=" " tag="AVA">
            <subfield code="0">991010834650508651</subfield>
            <subfield code="8">221198986140008651</subfield>
            <subfield code="a">01YALE_INST</subfield>
            <subfield code="b">lsf</subfield>
            <subfield code="c">Remote (LSF) - Film Archive - Film</subfield>
            <subfield code="d">TEMP_380399_KRND</subfield>
            <subfield code="e">available</subfield>
            <subfield code="f">1</subfield>
            <subfield code="g">0</subfield>
            <subfield code="v">from:1 until:1</subfield>
            <subfield code="j">lsffsfilm</subfield>
            <subfield code="k">8</subfield>
            <subfield code="p">1</subfield>
            <subfield code="q">Library Shelving Facility</subfield>
          </datafield>
        </record>
      </recordData>
      <recordIdentifier>991010834650508651</recordIdentifier>
      <recordPosition>5</recordPosition>
    </record>